@misc{wiki:sockmarket,
	author = "Wikipedia",
	title = "Stock market prediction --- {W}ikipedia{,} The Free Encyclopedia",
	year = "2017",
	url = "https://en.wikipedia.org/wiki/Stock_market_prediction",
	note = "[Online; accessed 8-January-2017]"
}

@misc{art:ex_rnn,
	author = "Manasi Shah and Nandana Prabhu and Jyothi Rao",
	title = "Performance analysis of Neural Network Algorithms on Stock Market Forecasting",
	year = "2014",
	url = "https://pdfs.semanticscholar.org/010e/057c2fa527966b0205fc9cbf240d7c1fd471.pdf",
	note = "[Online; accessed 8-January-2017]"
}

@misc{art:ex_svm,
	author = "Ahmad Kazem and Ebrahim Sharifia and Farookh Khadeer Hussain and Morteza Saberi and Omar Khadeer Hussain",
	title = "Support vector regression with chaos-based firefly algorithm for stock market price forecasting",
	year = "2013",
	url = "https://www.researchgate.net/profile/Morteza_Saberi2/publication/257636056_Support_vector_regression_with_chaos-based_firefly_algorithm_for_stock_market_price_forecasting/links/0c9605270f2a114e9f000000.pdf",
	note = "[Online; accessed 8-January-2017]"
}

@misc{art:ex_linearregression,
	author = "Jingwei Chen and Ming Chen and Nan Ye",
	title = "Forecasting the Direction and Strength of Stock Market Movement",
	year = "2013",
	url = "http://cs229.stanford.edu/proj2013/ChenChenYe-ForecastingTheDirectionAndStrengthOfStockMarketMovement.pdf",
	note = "[Online; accessed 8-January-2017]"
}

@misc{art:ex_stockann,
	author = "Takashi Kimoto and Kazuo Asakawa",
	title = "Stock Market Prediction System with Modular Neural Networks",
	year = "2017",
	url = "http://web.ist.utl.pt/adriano.simoes/tese/referencias/Papers%20-%20Adriano/NN.pdf",
	note = "[Online; accessed 8-January-2017]"
}

@misc{art:stocksvm,
	author = "Haiqin Yang, Laiwan Chan, and Irwin King",
	title = "Support Vector Machine Regression for Volatile Stock Market Prediction",
	year = "2017",
	url = "http://w.svms.org/finance/YangChanKing2002.pdf",
	note = "[Online; accessed 8-January-2017]"
}